<record xmlns="http://www.loc.gov/MARC21/slim" xmlns:xsi="http://www.w3.org/2001/XMLSchema-instance" xsi:schemaLocation="http://www.loc.gov/MARC21/slim http://www.loc.gov/standards/marcxml/schema/MARC21slim.xsd"><leader>00037nz   2200037n  4500</leader><controlfield tag="001">DNB|118924044</controlfield><controlfield tag="003">DNB</controlfield><controlfield tag="005">20061125010417.0</controlfield><controlfield tag="008">900723|||azznnaa|||||||||||| a|aaa|||| d</controlfield><datafield ind1="7" ind2=" " tag="016"><subfield code="a">118924044</subfield><subfield code="2">GyFmDB</subfield></datafield><datafield ind1=" " ind2=" " tag="035"><subfield code="a">(SWD)4237956-8</subfield></datafield><datafield ind1=" " ind2=" " tag="040"><subfield code="a">0012</subfield><subfield code="b">ger</subfield><subfield code="d">9999</subfield><subfield code="f">RAK-PND</subfield></datafield><datafield ind1=" " ind2=" " tag="043"><subfield code="a">XS---</subfield><subfield code="2">SWD-ISO3166</subfield></datafield><datafield ind1=" " ind2=" " tag="065"><subfield code="a">28p</subfield><subfield code="5">SWD</subfield></datafield><datafield ind1="0" ind2=" " tag="100"><subfield code="a">Autolycus,</subfield><subfield code="c">Pitanaeus</subfield><subfield code="d">um 300 v.Chr.</subfield></datafield><datafield ind1="0" ind2=" " tag="400"><subfield code="a">Autolycos,</subfield><subfield code="c">von Pitane</subfield><subfield code="d">um 300 v.Chr.</subfield></datafield><datafield ind1="0" ind2=" " tag="400"><subfield code="a">Autolykos</subfield><subfield code="d">um 300 v.Chr.</subfield></datafield><datafield ind1="0" ind2=" " tag="400"><subfield code="a">Autolycus</subfield><subfield code="d">um 300 v.Chr.</subfield></datafield><datafield ind1="0" ind2=" " tag="400"><subfield code="a">Autolycus,</subfield><subfield code="c">Astronomus</subfield><subfield code="d">um 300 v.Chr.</subfield></datafield><datafield ind1="0" ind2=" " tag="400"><subfield code="a">Autolycus,</subfield><subfield code="c">de Pitane</subfield><subfield code="d">um 300 v.Chr.</subfield></datafield><datafield ind1="0" ind2=" " tag="400"><subfield code="a">Autolycus,</subfield><subfield code="c">Mathematician</subfield><subfield code="d">um 300 v.Chr.</subfield></datafield><datafield ind1="0" ind2=" " tag="400"><subfield code="a">Autolykos,</subfield><subfield code="c">von Pitane</subfield><subfield code="d">um 300 v.Chr.</subfield></datafield><datafield ind1="0" ind2=" " tag="400"><subfield code="a">Autolykos,</subfield><subfield code="c">Mathematiker</subfield><subfield code="d">um 300 v.Chr.</subfield></datafield><datafield ind1="0" ind2=" " tag="400"><subfield code="a">Autolykos,</subfield><subfield code="c">Lehrer des Arkesilaos</subfield><subfield code="d">um 300 v.Chr.</subfield></datafield><datafield ind1="0" ind2=" " tag="400"><subfield code="a">Autolycus,</subfield><subfield code="c">Pitanensis</subfield><subfield code="d">um 300 v.Chr.</subfield></datafield><datafield ind1="0" ind2=" " tag="400"><subfield code="a">Autolico,</subfield><subfield code="c">di Pitane</subfield><subfield code="d">um 300 v.Chr.</subfield></datafield><datafield ind1="0" ind2=" " tag="400"><subfield code="a">Autolico,</subfield><subfield code="c">Matematico</subfield><subfield code="d">um 300 v.Chr.</subfield></datafield><datafield ind1="0" ind2=" " tag="400"><subfield code="a">Autolico,</subfield><subfield code="c">Astronomo</subfield><subfield code="d">um 300 v.Chr.</subfield></datafield></record>